<record><leader>00000cas a22000007a 4500</leader><controlfield tag="001">13201508</controlfield><controlfield tag="008">860226d19471949wvuwr ne      0    0eng d</controlfield><datafield ind1=" " ind2=" " tag="010"><subfield code="a">sn 86092293 </subfield></datafield><datafield ind1=" " ind2=" " tag="040"><subfield code="a">WVC</subfield><subfield code="b">eng</subfield><subfield code="c">WVC</subfield><subfield code="d">OCL</subfield><subfield code="d">OCLCQ</subfield></datafield><datafield ind1=" " ind2=" " tag="042"><subfield code="a">msc</subfield></datafield><datafield ind1="0" ind2="0" tag="245"><subfield code="a">Cairo standard.</subfield></datafield><datafield ind1=" " ind2=" " tag="260"><subfield code="a">Harrisville, W. Va. :</subfield><subfield code="b">Robert Morris, Jr.,</subfield><subfield code="c">1947-1949.</subfield></datafield><datafield ind1=" " ind2=" " tag="300"><subfield code="a">v.</subfield></datafield><datafield ind1=" " ind2=" " tag="310"><subfield code="a">Weekly</subfield></datafield><datafield ind1="0" ind2=" " tag="362"><subfield code="a">Vol. 1, no. 1 (Feb. 25, 1947)-v. 2, no. 33 (Dec. 21, 1949).</subfield></datafield><datafield ind1=" " ind2=" " tag="500"><subfield code="a">Editor: Robert Morris, Sr.</subfield></datafield><datafield ind1=" " ind2=" " tag="752"><subfield code="a">United States</subfield><subfield code="b">West Virginia</subfield><subfield code="c">Ritchie</subfield><subfield code="d">Harrisville.</subfield></datafield><datafield ind1="0" ind2="0" tag="780"><subfield code="t">Ritchie standard</subfield><subfield code="w">(DLC)sn 86092292</subfield></datafield><datafield ind1="0" ind2="7" tag="785"><subfield code="t">Gazette (Harrisville, W. Va.)</subfield><subfield code="w">(DLC)sn 86092291</subfield></datafield><datafield ind1="0" ind2="7" tag="785"><subfield code="t">Ritchie gazette and the Cairo standard</subfield><subfield code="w">(DLC)sn 86092294</subfield></datafield></record>